<record><leader>00000cas a22000007a 4500</leader><controlfield tag="001">12717788</controlfield><controlfield tag="008">851025d19041906wiuwr ne      0    0eng d</controlfield><datafield ind1=" " ind2=" " tag="010"><subfield code="a">sn 85041272 </subfield></datafield><datafield ind1=" " ind2=" " tag="040"><subfield code="a">NPV</subfield><subfield code="b">eng</subfield><subfield code="c">NPV</subfield><subfield code="d">OCLCQ</subfield></datafield><datafield ind1=" " ind2=" " tag="042"><subfield code="a">msc</subfield></datafield><datafield ind1=" " ind2=" " tag="045"><subfield code="a">x0x0</subfield></datafield><datafield ind1=" " ind2=" " tag="052"><subfield code="a">4123</subfield><subfield code="b">I5</subfield></datafield><datafield ind1="0" ind2=" " tag="130"><subfield code="a">Weekly republic (Dodgeville, Wis.)</subfield></datafield><datafield ind1="1" ind2="4" tag="245"><subfield code="a">The weekly republic.</subfield></datafield><datafield ind1="1" ind2="3" tag="246"><subfield code="a">Iowa County republic</subfield></datafield><datafield ind1=" " ind2=" " tag="260"><subfield code="a">Dodgeville, Wis. :</subfield><subfield code="b">M.A. Richardson Co.,</subfield><subfield code="c">1904-1906.</subfield></datafield><datafield ind1=" " ind2=" " tag="300"><subfield code="a">v. :</subfield><subfield code="b">ill. (chiefly advertisements)</subfield></datafield><datafield ind1=" " ind2=" " tag="310"><subfield code="a">Weekly</subfield></datafield><datafield ind1="0" ind2=" " tag="362"><subfield code="a">Vol. 24, no. 45 (Nov. 24, 1904)-v. 26, no. 7 (Feb. 28, 1906).</subfield></datafield><datafield ind1=" " ind2=" " tag="530"><subfield code="a">Available on microfilm from the State Historical Society of Wisconsin.</subfield></datafield><datafield ind1=" " ind2=" " tag="752"><subfield code="a">United States</subfield><subfield code="b">Wisconsin</subfield><subfield code="c">Iowa</subfield><subfield code="d">Dodgeville.</subfield></datafield><datafield ind1="0" ind2="0" tag="780"><subfield code="t">Iowa County republic</subfield><subfield code="w">(DLC)sn 85041273</subfield></datafield><datafield ind1="0" ind2="7" tag="785"><subfield code="t">Dodgeville sun-republic</subfield></datafield></record>